<record><leader>00000cas a22000007a 4500</leader><controlfield tag="001">13241253</controlfield><controlfield tag="008">860305d18841886wvuwr ne      0    0eng d</controlfield><datafield ind1=" " ind2=" " tag="010"><subfield code="a">sn 86092335 </subfield></datafield><datafield ind1=" " ind2=" " tag="040"><subfield code="a">WVC</subfield><subfield code="b">eng</subfield><subfield code="c">WVC</subfield><subfield code="d">OCL</subfield><subfield code="d">OCLCQ</subfield></datafield><datafield ind1=" " ind2=" " tag="042"><subfield code="a">msc</subfield></datafield><datafield ind1="0" ind2="4" tag="245"><subfield code="a">The Grafton standard.</subfield></datafield><datafield ind1=" " ind2=" " tag="260"><subfield code="a">Grafton, W. Va. :</subfield><subfield code="b">T.H[ill]. Marshall</subfield></datafield><datafield ind1=" " ind2=" " tag="300"><subfield code="a">v.</subfield></datafield><datafield ind1=" " ind2=" " tag="310"><subfield code="a">Weekly</subfield></datafield><datafield ind1="1" ind2=" " tag="362"><subfield code="a">Began in 1884; ceased in 1886?</subfield></datafield><datafield ind1=" " ind2=" " tag="588"><subfield code="a">Description based on: Vol. 1, no. 15 (July 4, 1884).</subfield></datafield><datafield ind1=" " ind2=" " tag="752"><subfield code="a">United States</subfield><subfield code="b">West Virginia</subfield><subfield code="c">Taylor</subfield><subfield code="d">Grafton.</subfield></datafield><datafield ind1="0" ind2="0" tag="785"><subfield code="t">Standard enterprise</subfield><subfield code="w">(DLC)sn 86092336</subfield></datafield></record>